% Encoding: UTF-8


@electronic{bindingtut,
  Author = "Xamarin-Inc.",
  Title                    = {Walkthrough: Binding an Objective-C Library},
  urldate                = {2015-12-18},
  URL                      = {https://developer.xamarin.com/guides/ios/advanced_topics/binding_objective-c/Walkthrough_Binding_objective-c_library/},
  year = 2015
}

@electronic{LFHeatMaps,
  author = "George Polak",
  Title                    = {LFHeatMaps HeatMap generator library},
  URL                      = {https://github.com/gpolak/LFHeatMap},
  urldate = {2015-12-18},
  year = "2015",
  month = "may"
}

@electronic{mapbox,
  author                   = "MapBox",
  Title                    = {Mapbox website},
  URL                      = {https://www.mapbox.com/},
  urldate= {2015-12-18},
  year = "2015",
}

@electronic{ogr2ogr,
  Author                   = "GDAL",
  Title                    = {Ogr2Ogr website},
  URL                      = {http://www.gdal.org/ogr2ogr.html}
  urldate                  = {2016-01-06},
  year = "2016",
}

@electronic{osmsharp,
  Author                   = "SharpSoftware",
  Title                    = {OsmSharp Website},
  URL                      = {http://www.osmsharp.com/}
  urldate                  = {2015-12-18},
  year = "2016"
}

@electronic{xamMaps,
  Author  = "Xamarin-Inc.",
  Title                    = {Xamarin Forms Maps Developer Guides},
  URL                      = {https://developer.xamarin.com/guides/cross-platform/xamarin-forms/user-interface/map/},
  urldate = {2015-12-18} ,
  year = "2015"
}

@electronic{Inc.2015,
  Title                    = {Xamarin Developer website},
  Author                   = {Xamarin Inc.},
  Year                     = {2015},
  urldate                  = {2015-12-17},
  URL                      = {https://developer.xamarin.com}
}

@electronic{Microsoft,
	Title 					={C\# Coding Conventions},
	Author				={MicrosoftCorporation},
	Year					={2015},
	urldate				={2015-01-08},
	URL					={https://msdn.microsoft.com/en-us/library/ff926074.aspx}
}

@electronic{CodeCoverage,
	Author = {Unknown},
	Title = {What do you use for code coverage},
	Year = {2015},
	urldate = {2016-01-08}
	URL = {https://forums.xamarin.com/discussion/5856/what-do-you-use-for-code-coverage}
	}
