% Encoding: UTF-8


@Misc{XamDev,
  Title                    = {Xamarin Developers},
  Timestamp                = {2015-12-17},
  URL                      = {https://developer.xamarin.com}
}

